@article{ehrig2006graph,
  title={Embeddings},
  author={Ehrig, Andrea Corradini Hartmut and Ribeiro, Ugo Montanari Leila and Rozenberg, Grzegorz},
  year={2006},
  publisher={Springer}
}

@article{embeddings,
  title={Embeddings},
  author={Shakeel Sheikh - Md Sahidullah - Fabrice Hirsch - Slim Ouni},
  year={2022},
  publisher={Springer}
}

@article{xvectors,
  title={X-VECTORS: ROBUST DNN EMBEDDINGS FOR SPEAKER RECOGNITION},
  author={David Snyder- Daniel Garcia-Romero - Gregory Sell - Daniel Povey - Sanjeev Khudanpur},
  year={2022},
  publisher={Center for Language and Speech Processing & Human Language Technology Center of Excellence The Johns Hopkins University, Baltimore, MD 21218, USA}
}



@Book{dlp,
 author                   = {{FRANÇOIS CHOLLET}},
 title                    = {Deep Learning with Python},
 institution              = {Manning Publications Co.},
 year                     = {2020},
 pages                    = {},
 url                      = {},
 address                  = {-},
}

@Book{snsn,
 author                   = {{MND-ANSSI-UIT}},
 title                    = {Stratégie Nationale de Sécurité Numérique, Version 1.5, Bénin},
 institution              = {ANSSI},
 year                     = {06/05/2020},
 pages                    = {1-45},
 url                      = {https://www.anssi.bj/},
 address                  = {-},
}

@online{knuthwebsite,
    author = "Donald Knuth",
    title = "Knuth: Computers and Typesetting",
    url  = "http://www-cs-faculty.stanford.edu/~uno/abcde.html",
    addendum = "(accessed: 01.09.2016)",
    keywords = "latex,knuth"
}

@inbook{knuth-fa,
    author = "Donald E. Knuth",
    title = "Fundamental Algorithms",
    publisher = "Addison-Wesley",
    year = "1973",
    chapter = "1.2",
    keywords  = "knuth,programming"
}


@online{timedoctor,
    author = "Time Doctor ",
    title = "What is Voice Authentication? (Pros, Cons, FAQs); ",
    url  = "https://www.timedoctor.com/blog/voice-authentication/?utm_term=&utm_campaign=General+Performance+Max&utm_source=google&utm_medium=cpc&hsa_acc=9406395779&hsa_cam=19250146465&hsa_grp=&hsa_ad=&hsa_src=x&hsa_tgt=&hsa_kw=&hsa_mt=&hsa_net=adwords&hsa_ver=3&gclid=CjwKCAiA85efBhBbEiwAD7oLQIQ4852C_NFGMEfZLHkS86XXgudzFHsIw7C_B16CRFwJpMw9gF1T8hoChfoQAvD_BwE#use-cases",
    addendum = "(accessed: 09.01.2023)",
    keywords = "Voice, Biometric"
}


@online{rcdevs,
    author = "RCDev",
    title = "Méthode d'authentification biométrique vocale améliorée",
    url  = "https://www.rcdevs.com/fr/improved-voice-biometrics-authentication-method",
    addendum = "(accessed: 12.01.2023)",
    keywords = "Authentication, Biometrie"
}


@online{vivoka,
    author = "Vivoka",
    title = "Biométrie vocale embarquée, authentification et identification",
    url  = "https://vivoka.com/fr/biometrie-vocale-embarquee-authentification-identification/",
    addendum = "(accessed: 12.01.2023)",
    keywords = "Authentication, Biometrie"
}


@online{aware,
    author = "Aware",
    title = "Biométrie vocale embarquée, authentification et identification",
    url  = "https://www.aware.com/voice-authentication/",
    addendum = "(accessed: 12.01.2023)",
    keywords = "Authentication, Voice"
}


@online{nice,
    author = "Nice",
    title = "Biométrie vocale embarquée, authentification et identification",
    url  = "https://www.nice.com/glossary/what-is-contact-center-voice-authentication",
    addendum = "(accessed: 12.01.2023)",
    keywords = "Authentication, Vocale"
}

@online{idemia,
    author = "Idemia",
    title = "Qu’est-ce que la biométrie ?",
    url  = "https://www.idemia.com/fr/biometrie",
    addendum = "(accessed: 12.01.2023)",
    keywords = "Biométrie"
}


@online{softjourn,
    author = "Softjourn",
    title = "Is Voice Authentication Secure Enough to be Your New Password?",
    url  = "https://softjourn.com/insights/security-considerations-in-voice-authentication",
    addendum = "(accessed: 12.01.2023)",
    keywords = "Biométrie, security"
}


@online{imageware,
    author = "imageware",
    title = "Biometric Voice Recognition – Everything You Should Know",
    url  = "https://imageware.io/biometric-voice-recognition/",
    addendum = "(accessed: 12.01.2023)",
    keywords = "Biométrie, vocale"
}

@online{thalesgroup,
    author = "thalesgroup",
    title = "La biométrie au service de l’identification et l'authentification",
    url  = "https://www.thalesgroup.com/fr/europe/france/dis/gouvernement/inspiration/biometrie",
    addendum = "(accessed: 12.01.2023)",
    keywords = "Biométrie"
}


@online{mathworks,
    author = "Mathworks",
    title = "Speaker Recognition Using x-vectors - https://www.mathworks.com/help/audio/ug/speaker-recognition-using-x-vectors.html",
    url  = "https://www.mathworks.com/help/audio/ug/speaker-recognition-using-x-vectors.html",
    addendum = "(accessed: 12.01.2023)",
    keywords = "X-Vectors"
}

@online{frontiers,
    author = "Frontiers",
    title = "X-Vectors: New Quantitative Biomarkers for Early Parkinson's Disease Detection From Speech - https://www.frontiersin.org/articles/10.3389/fninf.2021.578369/full",
    url  = "https://www.frontiersin.org/articles/10.3389/fninf.2021.578369/full#:~:text=X%2Dvectors%20are%20fixed%2Dlength,seen%20during%20the%20DNN%20training.",
    addendum = "(accessed: 12.01.2023)",
    keywords = "X-Vectors"
}


@online{tdnn,
    author = "Wikipedia",
    title = "Time delay neural network - https://en.wikipedia.org/wiki/Time\_delay\_neural\_network",
    url  = "https://en.wikipedia.org/wiki/Time_delay_neural_network#:~:text=Time%20delay%20neural%20network%20TDNN,each%20layer%20of%20the%20network.",
    addendum = "(accessed: 12.01.2023)",
    keywords = "X-Vectors"
}

@online{themarvinproject,
    author = "The Marvin Project",
    title = "Structures d'apprentissage \& Réseaux neuronaux Reconnaissance de l'empreinte vocale - http://themarvinproject.free.fr/final/node3.html",
    url  = "http://themarvinproject.free.fr/final/node3.html",
    addendum = "(accessed: 12.01.2023)",
    keywords = "X-Vectors"
}


